@article{butler2018machine,
    title={Machine learning for molecular and materials science},
    author={Butler, Keith T and Davies, Daniel W and Cartwright, Hugh and Isayev, Olexandr and Walsh, Aron},
    journal={Nature},
    volume={559},
    number={7715},
    pages={547--555},
    year={2018},
    publisher={Nature Publishing Group}
}

@article{carleo2017solving,
    title={Solving the quantum many-body problem with artificial neural networks},
    author={Carleo, Giuseppe and Troyer, Matthias},
    journal={Science},
    volume={355},
    number={6325},
    pages={602--606},
    year={2017},
    publisher={American Association for the Advancement of Science}
}

@article{kolmogorov1956representation,
    title={The representation of continuous functions of several variables by superpositions of continuous functions of a smaller number of variables},
    author={Kolmogorov, Andre{\u\i} Nikolaevich},
    journal={Doklady Akademii Nauk SSSR},
    volume={108},
    number={2},
    pages={179--182},
    year={1956},
    publisher={MEZHDUNARODNAYA KNIGA 39 DIMITROVA UL., 113095 MOSCOW, RUSSIA}
}

@article{netket:2019,
    author    = {Carleo, Giuseppe and Choo, Kenny and Hofmann, Damian and
    Smith, James E.~T. and Westerhout, Tom and Alet, Fabien and
    Davis, Emily J. and Efthymiou, Stavros and Glasser, Ivan and
    Lin, Sheng-Hsuan and Mauri, Marta and Mazzola, Guglielmo and
    Mendl, Christian B. and van Nieuwenburg, Evert and
    O'Reilly, Ossian and Th{\'e}veniaut, Hugo and Torlai, Giacomo and Vicentini, Filippo and
    Wietek, Alexander},
    title     = {NetKet: A Machine Learning Toolkit for Many-Body Quantum Systems},
    journal   = {SoftwareX},
    pages   = {100311},
    doi   = {10.1016/j.softx.2019.100311},
    url   = {http://www.sciencedirect.com/science/article/pii/S2352711019300974},
    year      = 2019
}

@article{sorella2007weak,
    title={Weak binding between two aromatic rings: Feeling the van der Waals attraction by quantum Monte Carlo methods},
    author={Sorella, Sandro and Casula, Michele and Rocca, Dario},
    journal={The Journal of chemical physics},
    volume={127},
    number={1},
    pages={014105},
    year={2007},
    publisher={American Institute of Physics}
}

@article{harju1997stochastic,
    title={Stochastic gradient approximation: An efficient method to optimize many-body wave functions},
    author={Harju, A and Barbiellini, B and Siljam{\"a}ki, S and Nieminen, Risto M and Ortiz, G},
    journal={Physical review letters},
    volume={79},
    number={7},
    pages={1173},
    year={1997},
    publisher={APS}
}

@article{ambegaokar2010estimating,
    title={Estimating errors reliably in Monte Carlo simulations of the Ehrenfest model},
    author={Ambegaokar, Vinay and Troyer, Matthias},
    journal={American Journal of Physics},
    volume={78},
    number={2},
    pages={150--157},
    year={2010},
    publisher={American Association of Physics Teachers}
}

@article{carrasquilla2017machine,
    title={Machine learning phases of matter},
    author={Carrasquilla, Juan and Melko, Roger G},
    journal={Nature Physics},
    volume={13},
    number={5},
    pages={431--434},
    year={2017},
    publisher={Nature Publishing Group}
}

@incollection{hinton2012practical,
    title={A practical guide to training restricted Boltzmann machines},
    author={Hinton, Geoffrey E},
    booktitle={Neural networks: Tricks of the trade},
    pages={599--619},
    year={2012},
    publisher={Springer}
}

@article{qian1999momentum,
    title={On the momentum term in gradient descent learning algorithms},
    author={Qian, Ning},
    journal={Neural networks},
    volume={12},
    number={1},
    pages={145--151},
    year={1999},
    publisher={Elsevier}
}

@article{kingma2014adam,
    title={Adam: A method for stochastic optimization},
    author={Kingma, Diederik P and Ba, Jimmy},
    journal={arXiv preprint arXiv:1412.6980},
    year={2014}
}

@article{duchi2011adaptive,
    title={Adaptive subgradient methods for online learning and stochastic optimization},
    author={Duchi, John and Hazan, Elad and Singer, Yoram},
    journal={Journal of machine learning research},
    volume={12},
    number={Jul},
    pages={2121--2159},
    year={2011}
}

@article{tieleman2012lecture,
    title={Lecture 6.5-rmsprop: Divide the gradient by a running average of its recent magnitude},
    author={Tieleman, Tijmen and Hinton, Geoffrey},
    journal={COURSERA: Neural networks for machine learning},
    volume={4},
    number={2},
    pages={26--31},
    year={2012}
}

@article{konstantinidis2002magnetic,
    title={Magnetic anisotropy in the molecular complex V 15},
    author={Konstantinidis, NP and Coffey, D},
    journal={Physical Review B},
    volume={66},
    number={17},
    pages={174426},
    year={2002},
    publisher={APS}
}

@article{ceperley1986quantum,
    title={Quantum monte carlo},
    author={Ceperley, David and Alder, Berni},
    journal={Science},
    volume={231},
    number={4738},
    pages={555--560},
    year={1986},
    publisher={American Association for the Advancement of Science}
}

@article{white1992density,
    title={Density matrix formulation for quantum renormalization groups},
    author={White, Steven R},
    journal={Physical review letters},
    volume={69},
    number={19},
    pages={2863},
    year={1992},
    publisher={APS}
}

@article{mcmillan1965ground,
    title={Ground state of liquid He 4},
    author={McMillan, William Lauchlin},
    journal={Physical Review},
    volume={138},
    number={2A},
    pages={A442},
    year={1965},
    publisher={APS}
}